@article{nguyen_widrow_1990, title={{Neural Networks for Self-Learning Control Systems}}, url={https://web.stanford.edu/class/ee373b/NNselflearningcontrolsystems.pdf}, journal={IEEE Control Systems Magazine}, author={Nguyen, Derrick H and Widrow, Bernard}, year={1990}, month={Apr}}

@phdthesis{negenborn_2003, title={{Robot Localization and Kalman Filters}}, url={http://www.negenborn.net/kal_loc/thesis.pdf}, journal={Robot Localization and Kalman Filters}, author={Negenborn, Rudy}, year={2003}, month={Sep}}

@misc{labbe_2017, title={{Kalman and Bayesian Filters in Python}}, url={https://github.com/rlabbe/Kalman-and-Bayesian-Filters-in-Python}, journal={rlabbe/Kalman-and-Bayesian-Filters-in-Python}, publisher={github.com}, author={Labbe, Roger R.}, year={2017}, month={Sep}}

@misc{roborodentia,
	author = {{Cal Poly}},
	title = {{Roborodentia - Cal Poly, San Luis Obispo}},
	year = {2018},
	note = {[Online; accessed May 11, 2018]},
	url = {http://roborodentia.calpoly.edu/},
	howpublished = "\url{http://www.myurl.com}"
}

@misc{vl53l0x_datasheet,
	author = {{STMicroelectronics}},
	title = {{VL53L0X Datasheet}},
	year = {2018},
	note = {[Online; accessed May 12, 2018]},
	url = {http://www.st.com/content/ccc/resource/technical/document/datasheet/group3/b2/1e/33/77/c6/92/47/6b/DM00279086/files/DM00279086.pdf/jcr:content/translations/en.DM00279086.pdf},
	howpublished = "\url{http://www.st.com/content/ccc/resource/technical/document/datasheet/group3/b2/1e/33/77/c6/92/47/6b/DM00279086/files/DM00279086.pdf/jcr:content/translations/en.DM00279086.pdf}"
}

@misc{l298n,
	author = {{MechaMan}},
	title = {{Working with L298N DC Motor Driver}},
	year = {2018},
	note = {[Online; accessed May 13, 2018]},
	url = {http://fritzing.org/projects/working-with-l298n-dc-motor-driver},
	howpublished = "\url{http://fritzing.org/projects/working-with-l298n-dc-motor-driver}"
}

@misc{smps,
	author = {{AliExpress}},
	title = {{DC-DC CC CV Buck Converter}},
	year = {2018},
	note = {[Online; accessed May 11, 2018]},
	url = {https://www.aliexpress.com/item/DC-DC-CC-CV-Buck-Converter-Volt-Step-Down-12V-19V-24V-Car-Laptop-Power-Supply/32822603345.html?spm=2114.search0104.3.135.191f73dfqonWDU&ws_ab_test=searchweb0_0,searchweb201602_2_10152_10151_10065_10344_10130_10068_10324_10547_10342_10325_10546_10343_10340_10548_10341_10545_10696_10084_10083_10618_10307_10059_308_100031_10103_10624_10623_10622_10621_10620,searchweb201603_32,ppcSwitch_5&algo_expid=30a33cc9-3acf-4021-b514-6ba550085dd9-19&algo_pvid=30a33cc9-3acf-4021-b514-6ba550085dd9&priceBeautifyAB=0},
	howpublished = "\url{https://www.aliexpress.com/item/DC-DC-CC-CV-Buck-Converter-Volt-Step-Down-12V-19V-24V-Car-Laptop-Power-Supply/32822603345.html?spm=2114.search0104.3.135.191f73dfqonWDU&ws_ab_test=searchweb0_0,searchweb201602_2_10152_10151_10065_10344_10130_10068_10324_10547_10342_10325_10546_10343_10340_10548_10341_10545_10696_10084_10083_10618_10307_10059_308_100031_10103_10624_10623_10622_10621_10620,searchweb201603_32,ppcSwitch_5&algo_expid=30a33cc9-3acf-4021-b514-6ba550085dd9-19&algo_pvid=30a33cc9-3acf-4021-b514-6ba550085dd9&priceBeautifyAB=0}"
}

@misc{vl53l0x,
	author = {{STMicroelectronics}},
	title = {{VL53L0X}},
	year = {2018},
	note = {[Online; accessed May 15, 2018]},
	url = {http://www.st.com/en/imaging-and-photonics-solutions/vl53l0x.html},
	howpublished = "\url{http://www.st.com/en/imaging-and-photonics-solutions/vl53l0x.html}"
}

@misc{adafruit_imu,
	author = {{Adafruit}},
	title = {{Adafruit 9-DOF IMU Breakout}},
	year = {2014},
	note = {[Online; accessed May 15, 2018]},
	url = {https://www.adafruit.com/product/1714},
	howpublished = "\url{https://www.adafruit.com/product/1714}"
}

@misc{lsm303dlhc,
	author = {{STMicroelectronics}},
	title = {{LSM303DLHC Datasheet}},
	year = {2013},
	note = {[Online; accessed May 15, 2018]},
	url = {http://www.st.com/resource/en/datasheet/DM00027543.pdf},
	howpublished = "\url{http://www.st.com/resource/en/datasheet/DM00027543.pdf}"
}

@misc{freeimu,
	author = {{Fabio Varesano}},
	title = {{FreeIMU Magnetometer and Accelerometer Calibration GUI}},
	year = {2012},
	note = {[Online; accessed May 11, 2018]},
	url = {http://www.varesano.net/blog/fabio/freeimu-magnetometer-and-accelerometer-calibration-gui-alpha-version-out},
	howpublished = "\url{http://www.varesano.net/blog/fabio/freeimu-magnetometer-and-accelerometer-calibration-gui-alpha-version-out}"
}

@misc{hard_soft_correction,
	author = {{Nevada Mark}},
	title = {{FAQ: Hard \& Soft Iron Correction for Magnetometer Measurements}},
	year = {2014},
	note = {[Online; accessed May 11, 2018]},
	url = {https://ez.analog.com/docs/DOC-2544},
	howpublished = "\url{https://ez.analog.com/docs/DOC-2544}"
}

@misc{nucleo64_manual,
	author = {{STMicroelectronics}},
	title = {{STM32 Nucleo-64 User Manual}},
	year = {2017},
	note = {[Online; accessed May 11, 2018]},
	url = {http://www.st.com/content/ccc/resource/technical/document/user_manual/98/2e/fa/4b/e0/82/43/b7/DM00105823.pdf/files/DM00105823.pdf/jcr:content/translations/en.DM00105823.pdf},
	howpublished = "\url{http://www.st.com/content/ccc/resource/technical/document/user_manual/98/2e/fa/4b/e0/82/43/b7/DM00105823.pdf/files/DM00105823.pdf/jcr:content/translations/en.DM00105823.pdf}"
}

@misc{servo_pulse_width,
	author = {{Leopoldo Armesto}},
	title = {{How to generate a PPM signal with Arduino to control a servo?}},
	year = {2015},
	note = {[Online; accessed May 14, 2018]},
	url = {http://robotica.webs.upv.es/en/how-to-generate-a-ppm-signal-with-arduino-to-control-a-servo/},
	howpublished = "\url{http://robotica.webs.upv.es/en/how-to-generate-a-ppm-signal-with-arduino-to-control-a-servo/}"
}

@misc{makergear_m2,
	author = {{MakerGear}},
	title = {{MakerGear M2 3D Printer}},
	year = {2018},
	note = {[Online; accessed May 25, 2018]},
	url = {https://www.makergear.com/products/m2},
	howpublished = "\url{https://www.makergear.com/products/m2}"
}

@misc{huang_2018,
	author = {{Steeve Huang}},
	title = {{Introduction to Various Reinforcement Learning Algorithms. Part I (Q-Learning, SARSA, DQN, DDPG)}},
	year = {2018},
	note = {[Online; accessed May 27, 2018]},
	url = {https://towardsdatascience.com/introduction-to-various-reinforcement-learning-algorithms-i-q-learning-sarsa-dqn-ddpg-72a5e0cb6287},
	howpublished = "\url{https://towardsdatascience.com/introduction-to-various-reinforcement-learning-algorithms-i-q-learning-sarsa-dqn-ddpg-72a5e0cb6287}"
}

@misc{emami_2016,
	author = {{Patrick Emami}},
	title = {{Deep Deterministic Policy Gradients in TensorFlow}},
	year = {2016},
	note = {[Online; accessed May 27, 2018]},
	url = {https://pemami4911.github.io/blog/2016/08/21/ddpg-rl.html},
	howpublished = "\url{https://pemami4911.github.io/blog/2016/08/21/ddpg-rl.html}"
}

@misc{matiisen_2015,
	author = {{Tambet Matiisen}},
	title = {{DEMYSTIFYING DEEP REINFORCEMENT LEARNING}},
	year = {2015},
	note = {[Online; accessed May 27, 2018]},
	url = {http://neuro.cs.ut.ee/demystifying-deep-reinforcement-learning/},
	howpublished = "\url{http://neuro.cs.ut.ee/demystifying-deep-reinforcement-learning/}"
}

@misc{lillicrap_2016,
	author = {{Lillicrap, Hunt, Pritzel, Heess, Erez, Tassa, Silver, Wierstra}},
	title = {{CONTINUOUS CONTROL WITH DEEP REINFORCEMENT LEARNING}},
	year = {2016},
	note = {[Online; accessed May 27, 2018]},
	url = {https://arxiv.org/pdf/1509.02971v2.pdf},
	howpublished = "\url{https://arxiv.org/pdf/1509.02971v2.pdf}"
}

@misc{sutton_2017,
	author = {{Sutton, Barto}}},
	title = {{Reinforcement Learning: An Introduction}},
	year = {2017},
	note = {[Online; accessed May 28, 2018]},
	url = {http://incompleteideas.net/book/bookdraft2017nov5.pdf},
	howpublished = "\url{http://incompleteideas.net/book/bookdraft2017nov5.pdf}"
}

@article{Mnih_2015, title={{Human-level control through deep reinforcement learning}}, url={https://storage.googleapis.com/deepmind-media/dqn/DQNNaturePaper.pdf}, journal={Nature}, author={Mnih, Kavukcuoglu, Silver, Rusu, et. al.}, year={2015}, month={Feb}}


@misc{,
	author = {{}}},
title = {{}},
year = {},
note = {[Online; accessed May 28, 2018]},
url = {},
howpublished = "\url{}"
}












