@BOOK{DUMMY:1,
AUTHOR="John Doe",
TITLE="The Book without Title",
PUBLISHER="Dummy Publisher",
YEAR="2100",
}

@article{nguyen_widrow_1990, title={Neural Networks for Self-Learning Control Systems}, url={https://web.stanford.edu/class/ee373b/NNselflearningcontrolsystems.pdf}, journal={IEEE Control Systems Magazine}, author={Nguyen, Derrick H and Widrow, Bernard}, year={1990}, month={Apr}}

http://www.negenborn.net/kal_loc/thesis.pdf